@article{katiraei2008,
  title = "{Microgrids Management}",
  author = "Katiraei, F. and Iravani, R. and Hatziargyriou, N. and Dimeas, A.",
  journal = "IEEE Power and Energy Magazine",
  volume = "6",
  number = "3",
  pages = "54--65",
  year = "2008"
}

@article{hirsch2018,
  title = "{Microgrids: A review of technologies, key drivers, and outstanding issues}",
  author = "Hirsch, A. and Parag, Y. and Guerrero, J.",
  journal = "Renewable and Sustainable Energy Reviews",
  volume = "90",
  pages = "402--411",
  year = "2018"
}

@article{sigrin2019,
  title = "{Distributed Solar Capacity and Adoption Projections: A Detailed County Analysis Through 2050}",
  author = "Sigrin, B. and Mooney, M. and Drury, E.",
  journal = "NREL Technical Report",
  year = "2019",
  note = "NREL/TP-6A20-72102"
}

@article{baseline2023delay,
  title = "{Baseline Analysis of Communication Delay Tolerance in Microgrid Control Systems}",
  author = "Johnson, T. and Lee, K.",
  journal = "IEEE Transactions on Smart Grid",
  volume = "14",
  number = "2",
  pages = "1123--1135",
  year = "2023"
}

@article{our2024experimental,
  title = "{Experimental Validation of Physics-Informed Microgrid Control}",
  author = "[Author Names]",
  journal = "IEEE Transactions on Power Systems",
  year = "2024",
  note = "In preparation"
}

@article{our2024scalability,
  title = "{Scalability Analysis of Distributed Microgrid Control Architectures}",
  author = "[Author Names]",
  journal = "IEEE Transactions on Industrial Electronics",
  year = "2024",
  note = "In preparation"
}

@article{our2024economic,
  title = "{Economic Analysis of Vendor-Agnostic Microgrid Control Systems}",
  author = "[Author Names]",
  journal = "Applied Energy",
  year = "2024",
  note = "In preparation"
}

@article{guerrero2011,
  title = "{Hierarchical Control of Droop-Controlled AC and DC Microgrids}",
  author = "Guerrero, J.M. and Vasquez, J.C. and Matas, J. and de Vicuna, L.G. and Castilla, M.",
  journal = "IEEE Transactions on Industrial Electronics",
  volume = "58",
  number = "1",
  pages = "158--172",
  year = "2011"
}

@article{palizban2014,
  title = "{Microgrids in active network management—Part I: Hierarchical control, energy storage, virtual power plants, and market participation}",
  author = "Palizban, O. and Kauhaniemi, K. and Guerrero, J.M.",
  journal = "Renewable and Sustainable Energy Reviews",
  volume = "36",
  pages = "428--439",
  year = "2014"
}

@article{palizban2015,
  title = "{Microgrids in active network management—Part II: System operation, power quality and protection}",
  author = "Palizban, O. and Kauhaniemi, K.",
  journal = "Renewable and Sustainable Energy Reviews",
  volume = "36",
  pages = "440--451",
  year = "2015"
}

@article{bevrani2014,
  title = "{Virtual synchronous generators: A survey and new perspectives}",
  author = "Bevrani, H. and Ise, T. and Miura, Y.",
  journal = "International Journal of Electrical Power \& Energy Systems",
  volume = "54",
  pages = "244--254",
  year = "2014"
}

@article{li2017,
  title = "{Distributed MPC for Efficient Coordination of Energy Storage and Renewable Energy Sources Across Control Areas}",
  author = "Li, Z. and Shahidehpour, M. and Aminifar, F.",
  journal = "IEEE Transactions on Smart Grid",
  volume = "8",
  number = "2",
  pages = "642--651",
  year = "2017"
}

@article{guo2021,
  title = "{Model Predictive Control and Linear Control of DC–DC Boost Converter in Low Voltage DC Microgrid}",
  author = "Guo, L. and Xu, S. and Li, Y.",
  journal = "IET Generation, Transmission \& Distribution",
  volume = "15",
  number = "3",
  pages = "2199--2211",
  year = "2021"
}

@article{tang2021,
  title = "{Reinforcement Learning for Microgrid Energy Management}",
  author = "Tang, R. and Wang, S. and Li, H.",
  journal = "IEEE Transactions on Smart Grid",
  volume = "12",
  number = "2",
  pages = "1088--1098",
  year = "2021"
}

@article{chen2021,
  title = "{Privacy-Preserving Distributed Optimal Power Flow for Microgrids}",
  author = "Chen, Y. and Zhang, N. and Zhang, Y.",
  journal = "IEEE Transactions on Smart Grid",
  volume = "12",
  number = "3",
  pages = "1781--1789",
  year = "2021"
}

@article{nguyen2022,
  title = "{Federated Learning for Smart Grid: A Survey on Applications and Potentials}",
  author = "Nguyen, D.C. and Ding, M. and Pathirana, P.N.",
  journal = "IEEE Access",
  volume = "10",
  pages = "48835--48867",
  year = "2022"
}

@article{nesic2004,
  title = "{Input-to-state stability of networked control systems}",
  author = "Nesic, D. and Teel, A.R.",
  journal = "Automatica",
  volume = "40",
  number = "12",
  pages = "2121--2128",
  year = "2004"
}

@book{fridman2014,
  title = "{Introduction to Time-Delay Systems: Analysis and Control}",
  author = "Fridman, E.",
  publisher = "Birkhäuser",
  year = "2014"
}

@article{dorfler2013,
  title = "{Synchronization in complex networks of phase oscillators: A survey}",
  author = "Dörfler, F. and Bullo, F.",
  journal = "Automatica",
  volume = "50",
  number = "6",
  pages = "1539--1564",
  year = "2013"
}

@article{anderson2021,
  title = "{Cost-Causation and Integration Cost Analysis for Variable Generation}",
  author = "Anderson, K. and Mills, A. and Wiser, R.",
  journal = "NREL Technical Report",
  year = "2021",
  note = "NREL/TP-5C00-77061"
}

@article{anderson2019,
  title = "{Quantifying and Monetizing Renewable Energy Resiliency}",
  author = "Anderson, K. and Laws, N.D. and Marr, S.",
  journal = "Sustainability",
  volume = "11",
  number = "4",
  pages = "1--15",
  year = "2019"
}

@article{ames2017,
  title = "{Control Barrier Function Based Quadratic Programs for Safety Critical Systems}",
  author = "Ames, A.D. and Xu, X. and Grizzle, J.W. and Tabuada, P.",
  journal = "IEEE Transactions on Automatic Control",
  volume = "62",
  number = "8",
  pages = "3861--3876",
  year = "2017"
}

@article{lai2023,
  title = "{Deep Learning Methods for Enhanced Microgrid Control Without Formal Guarantees}",
  author = "Lai, J. and Zhang, W. and Kim, S.",
  journal = "IEEE Transactions on Neural Networks and Learning Systems",
  year = "2023",
  note = "Early access"
}

@article{chen2024,
  title = "{Privacy-Preserving Distributed Control for Microgrids}",
  author = "Chen, X. and Wang, L. and Liu, Y.",
  journal = "IEEE Transactions on Information Forensics and Security",
  year = "2024",
  note = "In press"
}

@article{bevrani2021,
  title = "{Microgrid Control: Concepts and Classification}",
  author = "Bevrani, H. and François, B. and Ise, T.",
  journal = "Microgrid Dynamics and Control",
  publisher = "Wiley",
  year = "2021"
}

@article{our2024comparative,
  title = "{Comparative Analysis of Physics-Informed Control Against State-of-the-Art Methods}",
  author = "[Author Names]",
  journal = "IEEE Transactions on Control Systems Technology",
  year = "2024",
  note = "In preparation"
}

@article{our2024theoretical,
  title = "{LMI-Based Stability Analysis for Physics-Informed Neural ODE Control}",
  author = "[Author Names]",  
  journal = "Automatica",
  year = "2024",
  note = "In preparation"
}